@ARTICLE{AuthorYear,
   author = {{Lastname}, F. and {Lastname}, F.},
    title = "{Title}",
  journal = {journal},
     year = 2013,
    month = aug
}

@ARTICLE{Author2Year2,
   author = {{Lastname1}, F. and {Lastname2}, F. and {Lastname3}, F.},
    title = "{Title}",
  journal = {journal},
     year = 2013,
    month = aug
}


@article{rajpurkar2017chexnet,
  title={Chexnet: Radiologist-level pneumonia detection on chest x-rays with deep learning},
  author={Rajpurkar, Pranav and Irvin, Jeremy and Zhu, Kaylie and Yang, Brandon and Mehta, Hershel and Duan, Tony and Ding, Daisy and Bagul, Aarti and Langlotz, Curtis and Shpanskaya, Katie and others},
  journal={arXiv preprint arXiv:1711.05225},
  year={2017}
}


@article{DBLP:journals/corr/abs-1803-05854,
  author    = {Sasank Chilamkurthy and
               Rohit Ghosh and
               Swetha Tanamala and
               Mustafa Biviji and
               Norbert G. Campeau and
               Vasantha Kumar Venugopal and
               Vidur Mahajan and
               Pooja Rao and
               Prashant Warier},
  title     = {Development and Validation of Deep Learning Algorithms for Detection
               of Critical Findings in Head {CT} Scans},
  journal   = {CoRR},
  volume    = {abs/1803.05854},
  year      = {2018},
  url       = {http://arxiv.org/abs/1803.05854},
  archivePrefix = {arXiv},
  eprint    = {1803.05854},
  timestamp = {Wed, 11 Apr 2018 11:12:46 +0200},
  biburl    = {https://dblp.org/rec/bib/journals/corr/abs-1803-05854},
  bibsource = {dblp computer science bibliography, https://dblp.org}
}


@article{article,
author = {Hebb, Adam and V Poliakov, Andrew},
year = {2009},
month = {04},
pages = {155-60},
title = {Imaging of Deep Brain Stimulation Leads Using Extended Hounsfield Unit CT},
volume = {87},
booktitle = {Stereotactic and functional neurosurgery}
}